
@book {arnold_mechanics,
    AUTHOR = {Arnold, V. I.},
     TITLE = {Mathematical methods of classical mechanics},
    SERIES = {Graduate Texts in Mathematics},
    VOLUME = {60},
      NOTE = {Translated from the 1974 Russian original by K. Vogtmann and
              A. Weinstein,
              Corrected reprint of the second (1989) edition},
 PUBLISHER = {Springer-Verlag, New York},
      YEAR = {[1989?]                                               },
     PAGES = {xvi+516},
      ISBN = {0-387-96890-3},
   MRCLASS = {70-02 (58F05 58Fxx 70Hxx)},
  MRNUMBER = {1345386},
}






@article {bottacin,
    AUTHOR = {Bottacin, F.},
     TITLE = {Symplectic geometry on moduli spaces of stable pairs},
   JOURNAL = {Ann. Sci. \'Ecole Norm. Sup. (4)},
  FJOURNAL = {Annales Scientifiques de l'\'Ecole Normale Sup\'erieure.
              Quatri\`eme S\'erie},
    VOLUME = {28},
      YEAR = {1995},
    NUMBER = {4},
     PAGES = {391--433},
      ISSN = {0012-9593},
     CODEN = {ASENAH},
   MRCLASS = {14D20 (14J60 58F07)},
  MRNUMBER = {1334607 (96h:14008)},
MRREVIEWER = {Nitin Nitsure},
       URL = 	{http://www.numdam.org/item?id=ASENS_1995_4_28_4_391_0},
}

@unpublished {bottacin_bundles,
  AUTHOR = {Bottacin, Francesco},
  TITLE = {Fibrati vettoriali sulle curve},
  YEAR = {1996},
  NOTE = {Lecture Notes},
}


@thesis{chatterjee_thesis,
    AUTHOR ={Chatterjee, David},
    TITLE ={On gerbs},
    YEAR = {1998},
    NOTE ={Ph.D. thesis, Trinity College, Cambridge},
}

@incollection {murray_intro_bundle_gerbes,
    AUTHOR = {Murray, Michael},
    TITLE = {Introduction to bundle gerbes},
    BOOKTITLE = {The {M}any {F}acets of {G}eometry, {A} {T}ribute to {N}igel {H}itchin},
    YEAR = {2010},
    PUBLISHER={Oxford University Press},
    NOTE={arXiv:0712.1651},
}






@book{stewart,
  title = {Calculus: 7th edition},
  year= {2012},
  publisher= {Brooks/Cole},
  author= {Stewart, J.},
}

@book{hatcher,
  AUTHOR = {Hatcher, Allen},  
  TITLE = {Algebraic topology},
PUBLISHER = {Cambridge University Press, Cambridge},
    YEAR = {2002},
     PAGES = {xii+544},
      ISBN = {0-521-79160-X; 0-521-79540-0},
   MRCLASS = {55-01 (55-00)},
  MRNUMBER = {1867354},
MRREVIEWER = {Donald W. Kahn},
}

@article{Zomorodian_Carlsson_2005, 
title={Computing Persistent Homology}, 
volume={33}, 
ISSN={0179-5376, 1432-0444}, 
DOI={10.1007/s00454-004-1146-y}, 
number={2}, 
journal={Discrete and Computational Geometry}, 
author={Zomorodian, Afra and Carlsson, Gunnar}, 
year={2005}, 
month={Feb}, 
pages={249â€“274},
}